<?xml version="1.0" encoding="UTF-8"?><collection xmlns="http://www.loc.gov/MARC21/slim"><record><leader>00478nam--2200169-i-4500</leader><controlfield tag="001">000032672</controlfield><controlfield tag="002">20161230</controlfield><controlfield tag="005">20161230201039</controlfield><controlfield tag="008">060222s1000------------r-----000-0-eng-d</controlfield><datafield ind1=" " ind2=" " tag="040"><subfield code="a">IFIN-HH</subfield></datafield><datafield ind1=" " ind2=" " tag="080"><subfield code="a">801.323.2=40=590</subfield></datafield><datafield ind1="1" ind2=" " tag="100"><subfield code="a">Kerim Silvia</subfield></datafield><datafield ind1="1" ind2="0" tag="245"><subfield code="a">Guide de conversation francais-roumain</subfield><subfield code="b">Ghid de conversatie francez-roman</subfield><subfield code="c">Silvia kerim</subfield></datafield><datafield ind1=" " ind2=" " tag="260"><subfield code="a">Bucuresti</subfield><subfield code="b">Editura Stiintifica</subfield><subfield code="c">1966</subfield></datafield><datafield ind1=" " ind2=" " tag="300"><subfield code="a">214P</subfield></datafield><datafield ind1=" " ind2=" " tag="852"><subfield code="a">D.383</subfield><subfield code="c">SLG</subfield></datafield><datafield ind1=" " ind2=" " tag="CAT"><subfield code="a">Sys</subfield><subfield code="c">20130211</subfield><subfield code="h">113624</subfield></datafield></record></collection>